@book{isaacson2019innovadores,
  title={Los Innovadores / The Innovators},
  author={Isaacson, W.},
  isbn={9786073160643},
  url={https://books.google.com/books?id=flOREAAAQBAJ},
  year={2019},
  publisher={PRH Grupo Editorial}
}
